<record xmlns="http://www.loc.gov/MARC21/slim" xmlns:xsi="http://www.w3.org/2001/XMLSchema-instance" xsi:schemaLocation="http://www.loc.gov/MARC21/slim http://www.loc.gov/standards/marcxml/schema/MARC21slim.xsd"><leader>01404nam a2200289   4500</leader><controlfield tag="001">001682798</controlfield><controlfield tag="003">NNU</controlfield><controlfield tag="006">m        d        </controlfield><controlfield tag="007">cr cn |||m|||a</controlfield><controlfield tag="008">150116m19559999sy      ob    000 0 ara</controlfield><datafield ind1=" " ind2=" " tag="040"><subfield code="a">NNU</subfield><subfield code="b">eng</subfield><subfield code="c">NNU</subfield></datafield><datafield ind1="1" ind2=" " tag="100"><subfield code="a">&#7788;ar&#257;bulus&#299;, Amjad.</subfield></datafield><datafield ind1="1" ind2="0" tag="245"><subfield code="a">Na&#7827;rah t&#257;r&#299;kh&#299;yah f&#299; &#7717;arakat al-ta&#700;l&#299;f &#699;inda al-&#699;Arab</subfield><subfield code="h">[electronic resource] :</subfield><subfield code="b">f&#299; al-lughat wa-al-Adab wa-al-T&#257;r&#299;kh wa-al-Jughr&#257;fiy&#257; /</subfield><subfield code="c">Amjad al-&#7788;ar&#257;bulus&#299;.</subfield></datafield><datafield ind1=" " ind2=" " tag="260"><subfield code="a">[Damascus]</subfield><subfield code="b">Ma&#7789;ba&#699;at al-J&#257;mi&#699;ah al-S&#363;r&#299;yah,</subfield><subfield code="c">1955-.</subfield></datafield><datafield ind1=" " ind2=" " tag="300"><subfield code="a">online resource (v.)</subfield></datafield><datafield ind1="0" ind2=" " tag="490"><subfield code="a">Dur&#363;s wa-mu&#7717;&#257;&#7693;ar&#257;t bi-kil&#299;yat al-&#256;d&#257;b;</subfield><subfield code="v">His 2</subfield></datafield><datafield ind1=" " ind2=" " tag="500"><subfield code="a">Part of the Arabic Collections Online (ACO) project, contributed by New York Univeristy Libraries.</subfield></datafield><datafield ind1=" " ind2=" " tag="504"><subfield code="a">Bibliography: v. 1, p. [184]-[189]</subfield></datafield><datafield ind1="1" ind2=" " tag="505"><subfield code="a">Juz&#700; 1. al-Lughah wa-al-adab-</subfield></datafield><datafield ind1=" " ind2=" " tag="533"><subfield code="a">Electronic reproduction.</subfield><subfield code="b">New York, N.Y. :</subfield><subfield code="c">New York University,</subfield><subfield code="d">2015.</subfield><subfield code="5">NNU</subfield></datafield><datafield ind1=" " ind2="0" tag="650"><subfield code="a">Arabic literature</subfield><subfield code="x">History and criticism.</subfield></datafield><datafield ind1="2" ind2=" " tag="710"><subfield code="a">New York University.</subfield><subfield code="b">Libraries.</subfield></datafield><datafield ind1="0" ind2=" " tag="730"><subfield code="a">Arabic Collections Online.</subfield></datafield><datafield ind1="0" ind2="8" tag="776"><subfield code="i">Print version:</subfield><subfield code="a">&#7788;ar&#257;bulus&#299;, Amjad.</subfield><subfield code="t">Na&#7827;rah t&#257;r&#299;kh&#299;yah f&#299; &#7717;arakat al-ta&#700;l&#299;f &#699;inda al-&#699;Arab</subfield><subfield code="w">(NNU)001682798</subfield><subfield code="w">(DLC)ne 68001865</subfield></datafield><datafield ind1="4" ind2="0" tag="856"><subfield code="u">http://hdl.handle.net/2333.1/189321kk</subfield></datafield><datafield ind1=" " ind2=" " tag="959"><subfield code="a">NNU</subfield><subfield code="b">WEB</subfield><subfield code="c">GENI</subfield><subfield code="t">0</subfield><subfield code="m">Electronic access</subfield><subfield code="s">01</subfield></datafield><datafield ind1=" " ind2=" " tag="999"><subfield code="i">NNU_001682798</subfield><subfield code="o" /><subfield code="e">(ERROR-880)(ERROR-SERIES)</subfield></datafield></record>